<record xmlns="http://www.loc.gov/MARC21/slim">
   <leader>01782cam a2200361Ii 45 0</leader>
   <controlfield tag="001">6802390</controlfield>
   <controlfield tag="003">OCoLC</controlfield>
   <controlfield tag="005">20150608160333.0</controlfield>
   <controlfield tag="008">150508s2015    dcua     b    000 0 eng d</controlfield>
   <datafield ind1=" " ind2=" " tag="010">
      <subfield code="a">  2014945390</subfield>
   </datafield>
   <datafield ind1=" " ind2=" " tag="020">
      <subfield code="a">9781938113109 (paperback)</subfield>
   </datafield>
   <datafield ind1=" " ind2=" " tag="020">
      <subfield code="a">1938113101 (paperback)</subfield>
   </datafield>
   <datafield ind1=" " ind2=" " tag="040">
      <subfield code="a">UHC</subfield>
      <subfield code="e">rda</subfield>
      <subfield code="c">UHC</subfield>
      <subfield code="d">TXI</subfield>
      <subfield code="d">AGPC</subfield>
   </datafield>
   <datafield ind1=" " ind2="4" tag="050">
      <subfield code="a">LB1140.5.L3</subfield>
      <subfield code="b">L43 2015</subfield>
   </datafield>
   <datafield ind1=" " ind2=" " tag="090">
      <subfield code="a">LB 1140.5 L3 L43 2015</subfield>
      <subfield code="b">AGPC</subfield>
   </datafield>
   <datafield ind1="0" ind2="0" tag="245">
      <subfield code="a">Learning about language &amp; literacy in preschool /</subfield>
      <subfield code="c">from the editors of Teaching Young Children.</subfield>
   </datafield>
   <datafield ind1="3" ind2=" " tag="246">
      <subfield code="a">Learning about language and literacy in preschool</subfield>
   </datafield>
   <datafield ind1=" " ind2="1" tag="264">
      <subfield code="a">Washington, D.C. :</subfield>
      <subfield code="b">National Association for the Education of Young Children,</subfield>
      <subfield code="c">2015.</subfield>
   </datafield>
   <datafield ind1=" " ind2=" " tag="300">
      <subfield code="a">101 pages :</subfield>
      <subfield code="b">color illustrations ;</subfield>
      <subfield code="c">21 cm.</subfield>
   </datafield>
   <datafield ind1=" " ind2=" " tag="336">
      <subfield code="a">text</subfield>
      <subfield code="b">txt</subfield>
      <subfield code="2">rdacontent</subfield>
   </datafield>
   <datafield ind1=" " ind2=" " tag="337">
      <subfield code="a">unmediated</subfield>
      <subfield code="b">n</subfield>
      <subfield code="2">rdamedia</subfield>
   </datafield>
   <datafield ind1=" " ind2=" " tag="338">
      <subfield code="a">volume</subfield>
      <subfield code="b">nc</subfield>
      <subfield code="2">rdacarrier</subfield>
   </datafield>
   <datafield ind1="1" ind2=" " tag="490">
      <subfield code="a">NAEYC ;</subfield>
      <subfield code="v">#7227</subfield>
   </datafield>
   <datafield ind1=" " ind2=" " tag="500">
      <subfield code="a">"What every preschool teacher needs! Filled with practical strategies and useful information on language and literacy, this book offers learning center ideas, engaging activities, practical suggestions that are easy to implement, ideas that support the development and learning of every preschooler, [&amp;] children's book recommendations."--P. [4] of cover.</subfield>
   </datafield>
   <datafield ind1=" " ind2=" " tag="500">
      <subfield code="a">"Much of the content in this book is adapted from Teaching Young Children (TYC), NAEYC's award-winning magazine ..."</subfield>
   </datafield>
   <datafield ind1=" " ind2=" " tag="504">
      <subfield code="a">Includes bibliographical references.</subfield>
   </datafield>
   <datafield ind1=" " ind2=" " tag="596">
      <subfield code="a">28</subfield>
   </datafield>
   <datafield ind1=" " ind2="0" tag="650">
      <subfield code="a">Language arts (Preschool)</subfield>
   </datafield>
   <datafield ind1=" " ind2="0" tag="650">
      <subfield code="a">Reading (Preschool)</subfield>
   </datafield>
   <datafield ind1=" " ind2="0" tag="650">
      <subfield code="a">Child development.</subfield>
   </datafield>
   <datafield ind1="2" ind2=" " tag="710">
      <subfield code="a">National Association for the Education of Young Children.</subfield>
   </datafield>
   <datafield ind1=" " ind2="0" tag="830">
      <subfield code="a">NAEYC (Series) ;</subfield>
      <subfield code="v">#7227.</subfield>
   </datafield>
   <datafield ind1=" " ind2=" " tag="926">
      <subfield code="a">LB 1140.5 L3 L43 2015</subfield>
      <subfield code="w">LC</subfield>
      <subfield code="c">1</subfield>
      <subfield code="i">31847001275103</subfield>
      <subfield code="l">ON_SHELF</subfield>
      <subfield code="m">GPRC_GP</subfield>
      <subfield code="p">$150.00</subfield>
      <subfield code="r">Y</subfield>
      <subfield code="s">Y</subfield>
      <subfield code="t">BOOK</subfield>
      <subfield code="u">2/10/2015</subfield>
   </datafield>
</record>
